<record><leader>00000cas a2200000 a 4500</leader><controlfield tag="001">11653433</controlfield><controlfield tag="008">850204d18791879ksudr ne      0   a0eng d</controlfield><datafield ind1=" " ind2=" " tag="010"><subfield code="a">sn 85029067 </subfield></datafield><datafield ind1=" " ind2=" " tag="040"><subfield code="a">KSH</subfield><subfield code="b">eng</subfield><subfield code="c">KSH</subfield><subfield code="d">NPT</subfield><subfield code="d">OCL</subfield><subfield code="d">OCLCQ</subfield></datafield><datafield ind1=" " ind2=" " tag="042"><subfield code="a">msc</subfield></datafield><datafield ind1="0" ind2="4" tag="245"><subfield code="a">The Holton morning bee.</subfield></datafield><datafield ind1="1" ind2="3" tag="246"><subfield code="a">Holton evening bee</subfield><subfield code="f">Sept. 8-Oct. 4, 1879</subfield></datafield><datafield ind1=" " ind2=" " tag="260"><subfield code="a">Holton, Kan. :</subfield><subfield code="b">Lute P. Bowen, Joe M. Reckert,</subfield><subfield code="c">1879.</subfield></datafield><datafield ind1=" " ind2=" " tag="300"><subfield code="a">1 v. ;</subfield><subfield code="c">27 cm.</subfield></datafield><datafield ind1=" " ind2=" " tag="310"><subfield code="a">Daily (except Sunday)</subfield></datafield><datafield ind1="0" ind2=" " tag="362"><subfield code="a">Vol. 1, no. 1 (Sept. 1, 1879)-v. 1, no. 29 (Oct. 4, 1879).</subfield></datafield><datafield ind1=" " ind2=" " tag="752"><subfield code="a">United States</subfield><subfield code="b">Kansas</subfield><subfield code="c">Jackson</subfield><subfield code="d">Holton.</subfield></datafield><datafield ind1="0" ind2="0" tag="780"><subfield code="t">Netawaka bee</subfield><subfield code="w">(DLC)sn 85029021</subfield></datafield><datafield ind1="0" ind2="0" tag="785"><subfield code="t">Holton bee</subfield><subfield code="w">(DLC)sn 85029071</subfield></datafield></record>